<record><leader>00000cas a22000007a 4500</leader><controlfield tag="001">2251783</controlfield><controlfield tag="008">760620d19181937mtuwr ne      0   a0eng d</controlfield><datafield ind1=" " ind2=" " tag="010"><subfield code="a">sn 85053305 </subfield></datafield><datafield ind1=" " ind2=" " tag="040"><subfield code="a">MUL</subfield><subfield code="b">eng</subfield><subfield code="c">MUL</subfield><subfield code="d">MTL</subfield><subfield code="d">DLC</subfield><subfield code="d">OCLCF</subfield></datafield><datafield ind1="0" ind2=" " tag="022"><subfield code="a">2332-9769</subfield><subfield code="2">1</subfield></datafield><datafield ind1="1" ind2=" " tag="029"><subfield code="a">AU@</subfield><subfield code="b">000025793446</subfield></datafield><datafield ind1=" " ind2=" " tag="042"><subfield code="a">msc</subfield><subfield code="a">nsdp</subfield></datafield><datafield ind1=" " ind2=" " tag="043"><subfield code="a">n-us-mt</subfield></datafield><datafield ind1="0" ind2="0" tag="050"><subfield code="a">Newspaper</subfield></datafield><datafield ind1=" " ind2="4" tag="050"><subfield code="a">HD1401</subfield><subfield code="b">.P76</subfield></datafield><datafield ind1="0" ind2="0" tag="082"><subfield code="a">071</subfield><subfield code="2">23</subfield></datafield><datafield ind1="0" ind2=" " tag="130"><subfield code="a">Producers news (Plentywood, Mont.)</subfield></datafield><datafield ind1=" " ind2="4" tag="222"><subfield code="a">The producers news</subfield><subfield code="b">(Plentywood, Mont. Print)</subfield></datafield><datafield ind1="1" ind2="4" tag="245"><subfield code="a">The producers news.</subfield></datafield><datafield ind1=" " ind2=" " tag="260"><subfield code="a">Plentywood, Mont. :</subfield><subfield code="b">Peoples Pub. Co.,</subfield><subfield code="c">1918-1937.</subfield></datafield><datafield ind1=" " ind2=" " tag="300"><subfield code="a">19 v. :</subfield><subfield code="b">ill. ;</subfield><subfield code="c">45-60 cm.</subfield></datafield><datafield ind1=" " ind2=" " tag="310"><subfield code="a">Weekly</subfield></datafield><datafield ind1="0" ind2=" " tag="362"><subfield code="a">Vol. 1, no. 1 (Apr. 19, 1918)-v. 19, no. 43 (Mar. 5, 1937).</subfield></datafield><datafield ind1=" " ind2=" " tag="500"><subfield code="a">Advocate of various radical agarian organizations.</subfield></datafield><datafield ind1=" " ind2=" " tag="500"><subfield code="a">Published as "county edition," Nov. 27, 1931-Feb. 23, 1934.  "National edition" during this period was the official organ of the United Farmers League.</subfield></datafield><datafield ind1=" " ind2=" " tag="530"><subfield code="a">Archived issues are available in digital format as part of the Library of Congress Chronicling America online collection.</subfield></datafield><datafield ind1=" " ind2=" " tag="550"><subfield code="a">Official organ of: Farmers Holiday Association of Montana, Sept. 13, 1935-Mar. 5, 1937.</subfield></datafield><datafield ind1=" " ind2="0" tag="651"><subfield code="a">Plentywood (Mont.)</subfield><subfield code="v">Newspapers.</subfield></datafield><datafield ind1=" " ind2="7" tag="655"><subfield code="a">Newspapers.</subfield><subfield code="2">fast</subfield><subfield code="0">(OCoLC)fst01423814</subfield></datafield><datafield ind1=" " ind2="7" tag="651"><subfield code="a">Montana</subfield><subfield code="z">Plentywood.</subfield><subfield code="2">fast</subfield><subfield code="0">(OCoLC)fst01232912</subfield></datafield><datafield ind1=" " ind2=" " tag="752"><subfield code="a">United States</subfield><subfield code="b">Montana</subfield><subfield code="c">Sheridan</subfield><subfield code="d">Plentywood.</subfield></datafield><datafield ind1="0" ind2=" " tag="775"><subfield code="t">Producers news (Plentywood, Mont. : National ed.)</subfield><subfield code="w">(DLC)sn 85053306</subfield></datafield><datafield ind1="0" ind2="8" tag="776"><subfield code="i">Online version:</subfield><subfield code="t">Producers news (Plentywood, Mont. : Online)</subfield><subfield code="x">2332-9777</subfield><subfield code="w">(DLC)  2013271996</subfield><subfield code="w">(OCoLC)862979351</subfield></datafield><datafield ind1="0" ind2="0" tag="780"><subfield code="t">Outlook promoter</subfield><subfield code="w">(DLC)sn 85053326</subfield><subfield code="w">(OCoLC)12791316</subfield></datafield><datafield ind1="0" ind2="5" tag="780"><subfield code="t">Sheridan County news</subfield><subfield code="g">1919</subfield><subfield code="w">(DLC)sn 85053256</subfield></datafield><datafield ind1="0" ind2="5" tag="780"><subfield code="t">Dooley sun</subfield><subfield code="g">June 4, 1920</subfield><subfield code="w">(DLC)sn 84036260</subfield></datafield><datafield ind1="0" ind2="5" tag="780"><subfield code="t">Plentywood pioneer press</subfield><subfield code="g">Oct. 5, 1923</subfield></datafield><datafield ind1="0" ind2="5" tag="780"><subfield code="t">Sheridan County farmer</subfield><subfield code="g">Nov. 14, 1924</subfield><subfield code="w">(DLC)sn 85053246</subfield></datafield><datafield ind1="0" ind2="5" tag="780"><subfield code="t">Antelope independent</subfield><subfield code="g">Nov. 14, 1924</subfield><subfield code="w">(DLC)sn 84036014</subfield></datafield><datafield ind1="0" ind2="5" tag="780"><subfield code="t">Roosevelt County independent</subfield><subfield code="g">Dec. 12, 1924</subfield><subfield code="w">(DLC)sn 85053269</subfield></datafield><datafield ind1="4" ind2="1" tag="856"><subfield code="u">http://www.loc.gov/chroniclingamerica/lccn/sn85053305/issues</subfield></datafield></record>